@book{durrett,
 author = {Durrett, Rick},
 title = {Probability: Theory and Examples},
 year = {2010},
 isbn = {0521765390, 9780521765398},
 edition = {4th},
 publisher = {Cambridge University Press},
 address = {New York, NY, USA},
} 
@book{shao-statistics,
  title={Mathematical Statistics},
  author={Shao, J.},
  isbn={9780387953823},
  lccn={98045794},
  series={Springer Texts in Statistics},
  url={https://books.google.com.br/books?id=cyqTPotl7QcC},
  year={2003},
  publisher={Springer}
}
@book{barrysimon-prob1A,
  title={Real Analysis},
  author={Simon, B.},
  isbn={9781470410995},
  lccn={2014047381},
  series={A comprehensive course in analysis},
  url={https://books.google.com.br/books?id=7brzrQEACAAJ},
  year={2015},
  publisher={American Mathematical Society}
}



@book{durrett-stochastic,
  title={Stochastic Calculus: A Practical Introduction},
  author={Durrett, R.},
  isbn={9780849380716},
  lccn={96024642},
  series={Probability and Stochastics Series},
  url={https://books.google.com.br/books?id=\_wzJCfphOUsC},
  year={1996},
  publisher={Taylor \& Francis}
}

@book{billing-convergenceProbMeas,
  added-at = {2009-04-24T23:33:01.000+0200},
  address = {New York},
  author = {Billingsley, Patrick},
  biburl = {https://www.bibsonomy.org/bibtex/2657f92e619abe605188197d74b27f572/peter.ralph},
  description = {q-paper},
  edition = {Second},
  interhash = {555ad867bdd2f4e0824bffe13fa1b9f9},
  intrahash = {657f92e619abe605188197d74b27f572},
  isbn = {0-471-19745-9},
  keywords = {probability_theory reference},
  mrclass = {60B10 (28A33 60F17)},
  mrnumber = {MR1700749 (2000e:60008)},
  note = {A Wiley-Interscience Publication},
  pages = {x+277},
  publisher = {John Wiley \& Sons Inc.},
  series = {Wiley Series in Probability and Statistics: Probability and
              Statistics},
  timestamp = {2009-04-24T23:44:01.000+0200},
  title = {Convergence of probability measures},
  year = 1999
}



@book{knill,
  title={Probability Theory and Stochastic Processes with Applications},
  author={Knill, O.},
  isbn={9788189938406},
  url={https://books.google.com.br/books?id=Xm-EkgEACAAJ},
  year={2009},
  publisher={Overseas Press}
}

@book{mohri,
 author = {Mohri, Mehryar and Rostamizadeh, Afshin and Talwalkar, Ameet},
 title = {Foundations of Machine Learning},
 year = {2012},
 isbn = {026201825X, 9780262018258},
 publisher = {The MIT Press},
}

@book{boucheron2013concentration,
  title={Concentration Inequalities: A Nonasymptotic Theory of Independence},
  author={Boucheron, S. and Lugosi, G. and Massart, P.},
  isbn={9780199535255},
  lccn={2012277339},
  url={https://books.google.com.br/books?id=koNqWRluhP0C},
  year={2013},
  publisher={OUP Oxford}
}
@book{vaart-stat,
  title={Asymptotic Statistics},
  author={van der Vaart, A.W.},
  isbn={9780521784504},
  lccn={98015176},
  series={Asymptotic Statistics},
  url={https://books.google.com.br/books?id=UEuQEM5RjWgC},
  year={2000},
  publisher={Cambridge University Press}
}


@article{koltchinskii-localrademachercomplandoracle,
author = "Koltchinskii, Vladimir",
doi = "10.1214/009053606000001019",
fjournal = "The Annals of Statistics",
journal = "Ann. Statist.",
month = "12",
number = "6",
pages = "2593--2656",
publisher = "The Institute of Mathematical Statistics",
title = "Local Rademacher complexities and oracle inequalities in risk minimization",
url = "https://doi.org/10.1214/009053606000001019",
volume = "34",
year = "2006"
}

@book{keener,
  added-at = {2018-08-02T12:25:33.000+0200},
  author = {Keener, R.W.},
  biburl = {https://www.bibsonomy.org/bibtex/23c9e1f140aa0da54aa7fa52118a0d270/analyst},
  description = {Theoretical Statistics: Topics for a Core Course - Robert W. Keener - Google Books},
  interhash = {4a303c35253bbd9f2a992e3c16cad720},
  intrahash = {3c9e1f140aa0da54aa7fa52118a0d270},
  isbn = {9780387938394},
  keywords = {book springer statistics},
  lccn = {2010935925},
  publisher = {Springer New York},
  series = {Springer Texts in Statistics},
  timestamp = {2018-08-02T12:25:33.000+0200},
  title = {Theoretical Statistics: Topics for a Core Course},
  url = {https://books.google.co.in/books?id=aVJmcega44cC},
  year = 2010
}



@book{williams-martingales, 
 place={Cambridge},
 title={Probability with Martingales},
 DOI={10.1017/CBO9780511813658},
 publisher={Cambridge University Press},
 author={Williams, David},
 year={1991}
}

@book{spencer-probMethod,
 author = {Alon, Noga and Spencer, Joel H.},
 title = {The Probabilistic Method},
 year = {2016},
 isbn = {1119061954, 9781119061953},
 edition = {4th},
 publisher = {Wiley Publishing},
} 
@misc{statlect,
  author = {Statlect},
  title = { Digital textbook on probability and statistics},
  howpublished = "\url{https://www.statlect.com/}",
  note = "[Online; accessed 20/02/2019]"
}

@book{Wasserman:2010:SCC:1965575,
 author = {Wasserman, Larry},
 title = {All of Statistics: A Concise Course in Statistical Inference},
 year = {2010},
 isbn = {1441923225, 9781441923226},
 publisher = {Springer Publishing Company, Incorporated},
} 

@book{taomatrix,
  title={Topics in Random Matrix Theory},
  author={Tao, T.},
  year = {2012},
  isbn={9780821885079},
  series={Graduate studies in mathematics},
  url={https://books.google.com.br/books?id=Hjq\_JHLNPT0C},
  publisher={American Mathematical Soc.}
}


@book{MathewsNumericalMethodsMatlab,
 author = {Mathews, John H. and Fink, Kurtis D.},
 title = {Numerical Methods Using MATLAB},
 year = {1998},
 isbn = {0132700425},
 edition = {3rd},
 publisher = {Simon \& Schuster, Inc.},
 address = {New York, NY, USA},
} 

@online{geogebra,

author = {Hohenwarter, M. and Borcherds, M. and Ancsin, G. and Bencze, B. and Blossier, M. and Delobelle, A. and Denizet, C. and \'Eli\'as, J. and 

  Fekete, \'A and  G\'al, L. and Kone\v{c}n\'y, Z. and Kov\'acs, Z. and Lizelfelner, S. and Parisse, B. and Sturr, G.}, 

title = {{G}eo{G}ebra 4.4}, 

note = {\url{http://www.geogebra.org}}, 

year = {2013}, 

month = dec 

}
@book{vershynin_2018, 
place={Cambridge}, 
series={Cambridge Series in Statistical and Probabilistic Mathematics}, 
title={High-Dimensional Probability: An Introduction with Applications in Data Science}, 
DOI={10.1017/9781108231596}, 
publisher={Cambridge University Press},
author={Vershynin, Roman}, 
year={2018}, 
collection={Cambridge Series in Statistical and Probabilistic Mathematics}}

@book{gut2012probability,
  title={Probability: A Graduate Course},
  author={Gut, A.},
  isbn={9781461447085},
  lccn={2012941281},
  series={Springer Texts in Statistics},
  url={https://books.google.com.br/books?id=XDFA-n\_M5hMC},
  year={2012},
  publisher={Springer New York}
}

@book{spencer-asymtopia,
title = "Asymptopia",
author = "Joel Spencer",
year = "2014",
language = "English (US)",
publisher = "American Mathematical Society",

}

@book{chung,
  title={A Course in Probability Theory},
  author={Chung, K.L.},
  isbn={9780121741518},
  lccn={00106712},
  url={https://books.google.com.br/books?id=zu80w7wd40UC},
  year={2001},
  publisher={Elsevier Science}

}

@article{keith-stirling,
  title={Stirling’s Formula},
  author={Conrad, Keith},
  url = {https://kconrad.math.uconn.edu/blurbs/analysis/stirling.pdf},
  year = {2016},
  howpublished = "\url{https://kconrad.math.uconn.edu/blurbs/analysis/stirling.pdf}"

}

@book{grimmett2001one,
  title={One Thousand Exercises in Probability},
  author={Grimmett, G. and Stirzaker, D.},
  isbn={9780198572213},
  lccn={2001034059},
  series={One Thousand Exercises in Probability},
  url={https://books.google.com.br/books?id=SQqTo8cwx1QC},
  year={2001},
  publisher={OUP Oxford}
}

@book{chaumont_yor_2012, place={Cambridge}, edition={2}, series={Cambridge Series in Statistical and Probabilistic Mathematics}, title={Exercises in Probability: A Guided Tour from Measure Theory to Random Processes, via Conditioning}, DOI={10.1017/CBO9781139135351}, publisher={Cambridge University Press}, author={Chaumont, Loïc and Yor, Marc}, year={2012}, collection={Cambridge Series in Statistical and Probabilistic Mathematics}}


@book{stoyanov2014counterexamples,
  title={Counterexamples in Probability: Third Edition},
  author={Stoyanov, J.M.},
  isbn={9780486499987},
  lccn={2013030644},
  series={Dover Books on Mathematics},
  url={https://books.google.com.br/books?id=xaH8AQAAQBAJ},
  year={2014},
  publisher={Dover Publications}
}

@book{stroock,
  title={Probability Theory: An Analytic View},
  author={Stroock, D.W.},
  isbn={9781139494618},
  url={https://books.google.com.br/books?id=IvSSLeXpq3sC},
  year={2010},
  publisher={Cambridge University Press}
}

